@book{howpeoplelearn, title={How People Learn: Brain, Mind, Experience, and School}, ISBN={9780309065573}, url={http://dx.doi.org/10.17226/6160}, DOI={10.17226/6160}, publisher={National Academies Press}, year={1999}, month=apr }

@book{handbookedtech, title={Handbook of Design in Educational Technology}, ISBN={9780203075227}, url={http://dx.doi.org/10.4324/9780203075227}, DOI={10.4324/9780203075227}, publisher={Routledge}, year={2013}, month=jun }

@book{gross2012psychology,
  title={Psychology: The science of mind and behaviour 6th Edition},
  author={Gross, Richard},
  year={2012},
  publisher={Hodder Education}
}

@book{cole1978mind,
  title={Mind in society},
  author={Cole, Michael and John-Steiner, Vera and Scribner, Sylvia and Souberman, Ellen},
  journal={Mind in society the development of higher psychological processes. Cambridge, MA: Harvard University Press},
  year={1978}
}

@book{anderson2013architecture,
  title={The architecture of cognition},
  author={Anderson, John R},
  year={2013},
  publisher={Psychology Press}
}

@book{atkinson1968human,
  title={Human memory: A proposed system and its control processes},
  author={Atkinson, Richard C and Shiffrin, Richard M},
  booktitle={Psychology of learning and motivation},
  volume={2},
  pages={89--195},
  year={1968},
  publisher={Elsevier}
}

@article{sweller1994cognitive,
  title={Cognitive load theory, learning difficulty, and instructional design},
  author={Sweller, John},
  journal={Learning and instruction},
  volume={4},
  number={4},
  pages={295--312},
  year={1994},
  publisher={Elsevier}
}

@article{mayer1997multimedia,
  title={Multimedia learning: Are we asking the right questions?},
  author={Mayer, Richard E},
  journal={Educational psychologist},
  volume={32},
  number={1},
  pages={1--19},
  year={1997},
  publisher={Taylor \& Francis}
}

@book{johansen1988groupware,
  title={Groupware: Computer support for business teams},
  author={Johansen, Robert},
  year={1988},
  publisher={The Free Press}
}

@article{repenning1998learn,
  title={Learn to communicate and communicate to learn},
  author={Repenning, Alexander and Ioannidou, Andri and Ambach, James},
  journal={Journal of Interactive Media in Education},
  volume={1998},
  number={2},
  pages={7--7},
  year={1998}
}

@book{psotka1988intelligent,
  title={Intelligent tutoring systems: Lessons learned},
  author={Psotka, Joseph and Massey, Leonard Daniel and Mutter, Sharon A},
  year={1988},
  publisher={Psychology Press}
}

@article{carbonell1970mixed,
  title={Mixed-Initiative Man-Computer Instructional Dialogues. Final Report.},
  author={Carbonell, Jaime R},
  year={1970},
  publisher={ERIC}
}

@article{anderson1995cognitive,
  title={Cognitive tutors: Lessons learned},
  author={Anderson, John R and Corbett, Albert T and Koedinger, Kenneth R and Pelletier, Ray},
  journal={The journal of the learning sciences},
  volume={4},
  number={2},
  pages={167--207},
  year={1995},
  publisher={Taylor \& Francis}
}

@article{bloom19842,
  title={The 2 sigma problem: The search for methods of group instruction as effective as one-to-one tutoring},
  author={Bloom, Benjamin S},
  journal={Educational researcher},
  volume={13},
  number={6},
  pages={4--16},
  year={1984},
  publisher={Sage Publications Sage CA: Thousand Oaks, CA}
}

@article{kulik1991effectiveness,
  title={Effectiveness of computer-based instruction: An updated analysis},
  author={Kulik, Chen-Lin C and Kulik, James A},
  journal={Computers in human behavior},
  volume={7},
  number={1-2},
  pages={75--94},
  year={1991},
  publisher={Elsevier}
}

@article{vanlehn2011relative,
  title={The relative effectiveness of human tutoring, intelligent tutoring systems, and other tutoring systems},
  author={VanLehn, Kurt},
  journal={Educational psychologist},
  volume={46},
  number={4},
  pages={197--221},
  year={2011},
  publisher={Taylor \& Francis}
}

@article{cen2007over,
  title={Is Over Practice Necessary?-Improving Learning Efficiency with the Cognitive Tutor through Educational Data Mining.},
  author={Cen, Hao and Koedinger, Kenneth R and Junker, Brian},
  journal={Frontiers in artificial intelligence and applications},
  volume={158},
  pages={511},
  year={2007},
  publisher={Ios Press}
}

@inproceedings{brusilovsky1994student,
  title={Student model centered architecture for intelligent learning environments},
  author={Brusilovsky, Peter},
  year={1994}
}

@article{pavlik2013tutoring,
  title={Tutoring systems},
  author={Pavlik Jr, Philip I and Brawner, Keith and Olney, Andrew and Mitrovic, Antonija},
  journal={Des. Recommendations Intell. Tutoring Syst},
  volume={1},
  pages={39--68},
  year={2013}
}

@inproceedings{cen2006learning,
  title={Learning factors analysis--a general method for cognitive model evaluation and improvement},
  author={Cen, Hao and Koedinger, Kenneth and Junker, Brian},
  booktitle={International conference on intelligent tutoring systems},
  pages={164--175},
  year={2006},
  organization={Springer}
}

@inproceedings{pavlik2009performance,
  title={Performance factors analysis--a new alternative to knowledge tracing},
  author={Pavlik, Philip I and Cen, Hao and Koedinger, Kenneth R},
  booktitle={Artificial intelligence in education},
  pages={531--538},
  year={2009},
  organization={Ios Press}
}

@article{chi2011instructional,
  title={Instructional factors analysis: A cognitive model for multiple instructional interventions},
  author={Chi, Min and Koedinger, Kenneth R and Gordon, Geoffrey J and Jordon, Pamela and VanLahn, Kurt},
  year={2011},
  publisher={Carnegie Mellon University}
}

@article{corbett1994knowledge,
  title={Knowledge tracing: Modeling the acquisition of procedural knowledge},
  author={Corbett, Albert T and Anderson, John R},
  journal={User modeling and user-adapted interaction},
  volume={4},
  pages={253--278},
  year={1994},
  publisher={Springer}
}

@article{legg2007collection,
  title={A collection of definitions of intelligence},
  author={Legg, Shane and Hutter, Marcus and others},
  journal={Frontiers in Artificial Intelligence and applications},
  volume={157},
  pages={17},
  year={2007},
  publisher={IOS press}
}

@article{mccarthy2007artificial,
  title={What is artificial intelligence},
  author={McCarthy, John and others},
  year={2007},
  publisher={Stanford University}
}

@article{hoppe2017computational,
  title={Computational methods for the analysis of learning and knowledge building communities},
  author={Hoppe, H Ulrich},
  journal={Handbook of learning analytics},
  pages={23--33},
  year={2017},
  publisher={Society for Learning Analytics Research (SoLAR) Edmonton, AB}
}

@article{dillenbourg1999you,
  title={What do you mean by collaborative learning?},
  author={Dillenbourg, Pierre},
  journal={Collaborative-learning: Cognitive and computational approaches.},
  pages={1--19},
  year={1999},
  publisher={Oxford: Elsevier}
}

@article{stahl2006cambridge,
  title={Cambridge handbook of the learning sciences},
  author={Stahl, Gerry and Koschmann, Timothy and Suthers, Dan and Sawyer, R Keith},
  journal={Computer-supported Collaborative Learning: An Historical Perspective},
  pages={409--426},
  year={2006}
}

@article{soller2005mirroring,
  title={From mirroring to guiding: A review of state of the art technology for supporting collaborative learning},
  author={Soller, Amy and Martinez, Alejandra and Jermann, Patrick and Muehlenbrock, Martin},
  journal={International Journal of Artificial Intelligence in Education},
  volume={15},
  number={4},
  pages={261--290},
  year={2005},
  publisher={IOS Press}
}

@inproceedings{ubani2022review,
  title={Review of collaborative intelligent tutoring systems (CITS) 2009-2021},
  author={Ubani, Solomon and Nielsen, Rodney},
  booktitle={11th International Conference on Educational and Information Technology (ICEIT)},
  pages={67--75},
  year={2022},
  organization={IEEE}
}

@article{walker2014adaptive,
  title={Adaptive intelligent support to improve peer tutoring in algebra},
  author={Walker, Erin and Rummel, Nikol and Koedinger, Kenneth R},
  journal={International Journal of Artificial Intelligence in Education},
  volume={24},
  pages={33--61},
  year={2014},
  publisher={Springer}
}

@article{olsen2016investigating,
  title={Investigating Effects of Embedding Collaboration in an Intelligent Tutoring System for Elementary School Students.},
  author={Olsen, Jennifer K and Rummel, Nikol and Aleven, Vincent},
  journal={Grantee Submission},
  year={2016},
  publisher={ERIC}
}


















